@manual{VB,
  author = {TU Dortmund},
  title = {Versuchsbeschreibung V01},
  year = 2021
}


@book{Ein,
title = {Einstieg in die Astroteilchenphysik, 2 Aufl.},
author = {Grupen, C.},
year = {2018},
publisher = {Springer Spektrum},
}


@book{Teil,
title = {Teilchendetektoren, 1. Aufl.},
author = {Kolanosk, H. and  Wermes, N. },
year = {2016},
publisher = {Springer Berlin Heidelberg},
}


@book{Prak,
title = {Praktikum der Physik, 6. Aufl. },
author = {Walcher, W. },
year = {1989},
publisher = {T  eubner},
}

